@inproceedings{gal2016dropout,
  title={Dropout as a bayesian approximation: Representing model uncertainty in deep learning},
  author={Gal, Yarin and Ghahramani, Zoubin},
  booktitle={international conference on machine learning},
  pages={1050--1059},
  year={2016}
}

@inproceedings{snoek2019can,
  title={Can you trust your model's uncertainty? Evaluating predictive uncertainty under dataset shift},
  author={Snoek, Jasper and Ovadia, Yaniv and Fertig, Emily and Lakshminarayanan, Balaji and Nowozin, Sebastian and Sculley, D and Dillon, Joshua and Ren, Jie and Nado, Zachary},
  booktitle={Advances in Neural Information Processing Systems},
  pages={13969--13980},
  year={2019}
}

@article{lipton2018detecting,
  title={Detecting and correcting for label shift with black box predictors},
  author={Lipton, Zachary C and Wang, Yu-Xiang and Smola, Alex},
  journal={arXiv preprint arXiv:1802.03916},
  year={2018}
}

@inproceedings{rabanser2019failing,
  title={Failing loudly: an empirical study of methods for detecting dataset shift},
  author={Rabanser, Stephan and G{\"u}nnemann, Stephan and Lipton, Zachary},
  booktitle={Advances in Neural Information Processing Systems},
  pages={1394--1406},
  year={2019}
}

@article{geng2020recent,
  title={Recent advances in open set recognition: A survey},
  author={Geng, Chuanxing and Huang, Sheng-jun and Chen, Songcan},
  journal={IEEE Transactions on Pattern Analysis and Machine Intelligence},
  year={2020},
  publisher={IEEE}
}

@article{ganin2016domain,
  title={Domain-adversarial training of neural networks},
  author={Ganin, Yaroslav and Ustinova, Evgeniya and Ajakan, Hana and Germain, Pascal and Larochelle, Hugo and Laviolette, Fran{\c{c}}ois and Marchand, Mario and Lempitsky, Victor},
  journal={The Journal of Machine Learning Research},
  volume={17},
  number={1},
  pages={2096--2030},
  year={2016},
  publisher={JMLR. org}
}

@inproceedings{goodfellow2014generative,
  title={Generative adversarial nets},
  author={Goodfellow, Ian and Pouget-Abadie, Jean and Mirza, Mehdi and Xu, Bing and Warde-Farley, David and Ozair, Sherjil and Courville, Aaron and Bengio, Yoshua},
  booktitle={Advances in neural information processing systems},
  pages={2672--2680},
  year={2014}
}

@inproceedings{meng2018adversarial,
  title={Adversarial teacher-student learning for unsupervised domain adaptation},
  author={Meng, Zhong and Li, Jinyu and Gong, Yifan and Juang, Biing-Hwang},
  booktitle={2018 IEEE International Conference on Acoustics, Speech and Signal Processing (ICASSP)},
  pages={5949--5953},
  year={2018},
  organization={IEEE}
}

@inproceedings{muller2019does,
  title={When does label smoothing help?},
  author={M{\"u}ller, Rafael and Kornblith, Simon and Hinton, Geoffrey E},
  booktitle={Advances in Neural Information Processing Systems},
  pages={4696--4705},
  year={2019}
}

@inproceedings{he2016deep,
  title={Deep residual learning for image recognition},
  author={He, Kaiming and Zhang, Xiangyu and Ren, Shaoqing and Sun, Jian},
  booktitle={Proceedings of the IEEE conference on computer vision and pattern recognition},
  pages={770--778},
  year={2016}
}

@article{kingma2014adam,
  title={Adam: A method for stochastic optimization},
  author={Kingma, Diederik P and Ba, Jimmy},
  journal={arXiv preprint arXiv:1412.6980},
  year={2014}
}

@article{liu2019learning,
  title={Learning representative features via constrictive annular loss for image classification},
  author={Liu, Jun-Bo and Huang, Ya-Ping and Zou, Qi and Wang, Sheng-Chun},
  journal={Applied Intelligence},
  volume={49},
  number={8},
  pages={3082--3092},
  year={2019},
  publisher={Springer}
}

@article{wang2018additive,
  title={Additive margin softmax for face verification},
  author={Wang, Feng and Cheng, Jian and Liu, Weiyang and Liu, Haijun},
  journal={IEEE Signal Processing Letters},
  volume={25},
  number={7},
  pages={926--930},
  year={2018},
  publisher={IEEE}
}

@article{russakovsky2015imagenet,
  title={Imagenet large scale visual recognition challenge},
  author={Russakovsky, Olga and Deng, Jia and Su, Hao and Krause, Jonathan and Satheesh, Sanjeev and Ma, Sean and Huang, Zhiheng and Karpathy, Andrej and Khosla, Aditya and Bernstein, Michael and others},
  journal={International journal of computer vision},
  volume={115},
  number={3},
  pages={211--252},
  year={2015},
  publisher={Springer}
}

@article{mnih2015human,
  title={Human-level control through deep reinforcement learning},
  author={Mnih, Volodymyr and Kavukcuoglu, Koray and Silver, David and Rusu, Andrei A and Veness, Joel and Bellemare, Marc G and Graves, Alex and Riedmiller, Martin and Fidjeland, Andreas K and Ostrovski, Georg and others},
  journal={Nature},
  volume={518},
  number={7540},
  pages={529--533},
  year={2015},
  publisher={Nature Publishing Group}
}

@article{assael2016lipnet,
  title={Lipnet: End-to-end sentence-level lipreading},
  author={Assael, Yannis M and Shillingford, Brendan and Whiteson, Shimon and De Freitas, Nando},
  journal={arXiv preprint arXiv:1611.01599},
  year={2016}
}

@article{wang2018deep,
  title={Deep visual domain adaptation: A survey},
  author={Wang, Mei and Deng, Weihong},
  journal={Neurocomputing},
  volume={312},
  pages={135--153},
  year={2018},
  publisher={Elsevier}
}

@article{parisi2019continual,
  title={Continual lifelong learning with neural networks: A review},
  author={Parisi, German I and Kemker, Ronald and Part, Jose L and Kanan, Christopher and Wermter, Stefan},
  journal={Neural Networks},
  year={2019},
  publisher={Elsevier}
}

@inproceedings{pokkunuru2018neuralwave,
  title={NeuralWave: Gait-based user identification through commodity WiFi and deep learning},
  author={Pokkunuru, Akarsh and Jakkala, Kalvik and Bhuyan, Arupjyoti and Wang, Pu and Sun, Zhi},
  booktitle={IECON 2018-44th Annual Conference of the IEEE Industrial Electronics Society},
  pages={758--765},
  year={2018},
  organization={IEEE}
}

@article{jakkala2019deep,
  title={Deep CSI learning for gait biometric sensing and recognition},
  author={Jakkala, Kalvik and Bhuya, Arupjyoti and Sun, Zhi and Wang, Pu and Cheng, Zhuo},
  journal={arXiv preprint arXiv:1902.02300},
  year={2019}
}

@inproceedings{janakaraj2019star,
  title={STAR: Simultaneous Tracking and Recognition through Millimeter Waves and Deep Learning},
  author={Janakaraj, Prabhu and Jakkala, Kalvik and Bhuyan, Arupjyoti and Sun, Zhi and Wang, Pu and Lee, Minwoo},
  booktitle={2019 12th IFIP Wireless and Mobile Networking Conference (WMNC)},
  pages={211--218},
  year={2019},
  organization={IEEE}
}

@article{kaya2019deep,
  title={Deep metric learning: a survey},
  author={Kaya, Mahmut and Bilge, Hasan {\c{S}}akir},
  journal={Symmetry},
  volume={11},
  number={9},
  pages={1066},
  year={2019},
  publisher={Multidisciplinary Digital Publishing Institute}
}

@article{chakraborty2018adversarial,
  title={Adversarial attacks and defences: A survey},
  author={Chakraborty, Anirban and Alam, Manaar and Dey, Vishal and Chattopadhyay, Anupam and Mukhopadhyay, Debdeep},
  journal={arXiv preprint arXiv:1810.00069},
  year={2018}
}

@article{moreno2012unifying,
  title={A unifying view on dataset shift in classification},
  author={Moreno-Torres, Jose G and Raeder, Troy and Alaiz-Rodr{\'\i}Guez, Roc{\'\i}O and Chawla, Nitesh V and Herrera, Francisco},
  journal={Pattern recognition},
  volume={45},
  number={1},
  pages={521--530},
  year={2012},
  publisher={Elsevier}
}

@article{pegoraro2020multi,
  title={Multi-Person Continuous Tracking and Identification from mm-Wave micro-Doppler Signatures},
  author={Pegoraro, Jacopo and Meneghello, Francesca and Rossi, Michele},
  journal={arXiv preprint arXiv:2003.03571},
  year={2020}
}

@article{huang2020multi,
  title={Multi-person Recognition Using Separated Micro-Doppler Signatures},
  author={Huang, Xuejun and Ding, Jinshan and Liang, Dongxing and Wen, Liwu},
  journal={IEEE Sensors Journal},
  year={2020},
  publisher={IEEE}
}

@article{lang2019person,
  title={Person identification with limited training data using radar micro-Doppler signatures},
  author={Lang, Yue and Wang, Qing and Yang, Yang and Hou, Chunping and He, Yuan and Xu, Jinchen},
  journal={Microwave and Optical Technology Letters},
  year={2019},
  publisher={Wiley Online Library}
}

@article{abdulatif2018study,
  title={A Study of Human Body Characteristics Effect on Micro-Doppler-Based Person Identification using Deep Learning},
  author={Abdulatif, Sherif and Aziz, Fady and Armanious, Karim and Kleiner, Bernhard and Yang, Bin and Schneider, Urs},
  journal={arXiv preprint arXiv:1811.07173},
  year={2018}
}

@article{qiao2020human,
  title={Human identification based on radar micro-Doppler signatures separation},
  author={Qiao, Xingshuai and Shan, Tao and Tao, Ran},
  journal={Electronics Letters},
  volume={56},
  number={4},
  pages={195--196},
  year={2020},
  publisher={IET}
}

@article{lang2019joint,
  title={Joint Motion Classification and Person Identification via Multitask Learning for Smart Homes},
  author={Lang, Yue and Wang, Qing and Yang, Yang and Hou, Chunping and Liu, Haiping and He, Yuan},
  journal={IEEE Internet of Things Journal},
  volume={6},
  number={6},
  pages={9596--9605},
  year={2019},
  publisher={IEEE}
}

@inproceedings{delac2004survey,
  title={A survey of biometric recognition methods},
  author={Delac, Kresimir and Grgic, Mislav},
  booktitle={Proceedings. Elmar-2004. 46th International Symposium on Electronics in Marine},
  pages={184--193},
  year={2004},
  organization={IEEE}
}

@article{maaten2008visualizing,
  title={Visualizing data using t-SNE},
  author={Maaten, Laurens van der and Hinton, Geoffrey},
  journal={Journal of machine learning research},
  volume={9},
  number={Nov},
  pages={2579--2605},
  year={2008}
}

@misc{iwr1642boost, 
    title={IWR1642 single-chip 76-GHz to 81-GHz mmWave sensor integrating DSP and MCU evaluation module IWR1642BOOST This product has been released to the market and is available for purchase. For some products, newer alternatives may be available.}, 
    url={http://www.ti.com/tool/IWR1642BOOST}, 
    journal={IWR1642BOOST IWR1642 single-chip 76-GHz to 81-GHz mmWave sensor integrating DSP and MCU evaluation module | TI.com}
}

@inproceedings{wifigait1,
  title={Gait Recognition Using WiFi Signals},
  author={Wang, Wei and Liu, Alex X. and Shahzad, Muhammad },
  booktitle={2016 ACM International Joint Conference on Pervasive and Ubiquitous Computing (UbiComp)},
  pages={363 - 373},
  year={2016},
  organization={ACM}
}

@article{gesture1,
  title={Augmenting User Identification with WiFi Based Gesture Recognition},
  author={Shahzad, Muhammad  and Zhang, Shaohu},
  journal={ACM on Interactive, Mobile, Wearable and Ubiquitous Technologies},
  volume={2},
  number={3},
  pages={},
  year={2018}
}

@article{gesture2,
  title={Person Identification Based on Micro-Doppler Signatures of Sit-to-Stand and Stand-to-Sit Movements Using a Convolutional Neural Network},
  author={Saho, Kenshi and Inuzuka, Keisuke and Shioiri, Keitaro},
  journal={IEEE Sensors Letters },
  volume={4},
  number={3},
  pages={},
  year={2020}
}


@inproceedings{heart1,
  title={Cardiac scan: A non-contact and continuous heart-based user authentication system},
  author={Feng, Lin and Song, Chen and Zhuang, Yan and Xu, Wenyao  and Li, Changzhi and Ren, Kui },
  booktitle={ACM Mobicom},
  pages={315 - 328},
  year={2017},
  organization={ACM}
}
 
@inproceedings{heart2,
  title={Cardiac scan: A non-contact and continuous heart-based user authentication system},
  author={Jagmohan Chauhan and Yining Hu and Suranga Seneviratne and Archan Misra and Aruna Seneviratne and Youngki Lee},
  booktitle={Int’l Conf. Mobile Systems, Applications, and Services (MobiSys)},
  pages={278 – 291},
  year={2017},
  organization={}
}


@article{lip1,
  title={SilentKey: A New Authentication Framework through 
Ultrasonic-based Lip Reading},
  author={Tan, Jiayao and Wang, Xiaoliang  and Nguyen, Cam-Tu and Shi, Yu },
  journal={ ACM on Interactive, Mobile, Wearable and Ubiquitous Technologies },
  volume={2},
  number={1},
  pages={},
  year={2018}
}


@article{lip2,
  title={Lip Reading-Based User Authentication Through Acoustic Sensing on Smartphones},
  author={Lu, Li and Yu, Jiadi and Chen, Yingying  and Liu, Hongbo  and Zhu, Yanmin  and Kong, Linghe  and Li, Minglu},
  journal={IEEE/ACM Transactions on Networking},
  volume={27},
  number={1},
  pages={447-460},
  year={2019}
}

@article{wall1,
  title={Radio biometrics: Human recognition through a wall},
  author={Xu, Qinyi and Chen, Yan and Wang, BeiBei  and Liu, K. J. Ray },
  journal={IEEE Transactions on Information Forensics and Security},
  volume={12},
  number={5},
  pages={1141–1155},
  year={2017}
}

@article{wall2,
  title={Capturing the human figure through a wall},
  author={Adib, Fadel and Hsu, Chen-Yu and Mao, Hongzi and Katabi, Dina and Durand, Fredo},
  journal={ACM Transactions on Graphics},
  volume={34},
  number={6},
  pages={},
  year={2015}
}
 
@article{zhang2017mixup,
  title={mixup: Beyond empirical risk minimization},
  author={Zhang, Hongyi and Cisse, Moustapha and Dauphin, Yann N and Lopez-Paz, David},
  journal={arXiv preprint arXiv:1710.09412},
  year={2017}
}

@inproceedings{yun2019cutmix,
  title={Cutmix: Regularization strategy to train strong classifiers with localizable features},
  author={Yun, Sangdoo and Han, Dongyoon and Oh, Seong Joon and Chun, Sanghyuk and Choe, Junsuk and Yoo, Youngjoon},
  booktitle={Proceedings of the IEEE International Conference on Computer Vision},
  pages={6023--6032},
  year={2019}
}

@article{goodfellow2014explaining,
  title={Explaining and harnessing adversarial examples},
  author={Goodfellow, Ian J and Shlens, Jonathon and Szegedy, Christian},
  journal={arXiv preprint arXiv:1412.6572},
  year={2014}
}

@inproceedings{lee2013pseudo,
  title={Pseudo-label: The simple and efficient semi-supervised learning method for deep neural networks},
  author={Lee, Dong-Hyun},
  booktitle={Workshop on challenges in representation learning, ICML},
  volume={3},
  pages={2},
  year={2013}
}

@inproceedings{pei2018multi,
  title={Multi-adversarial domain adaptation},
  author={Pei, Zhongyi and Cao, Zhangjie and Long, Mingsheng and Wang, Jianmin},
  booktitle={Thirty-Second AAAI Conference on Artificial Intelligence},
  year={2018}
}

@article{hosseini2018augmented,
  title={Augmented cyclic adversarial learning for low resource domain adaptation},
  author={Hosseini-Asl, Ehsan and Zhou, Yingbo and Xiong, Caiming and Socher, Richard},
  journal={arXiv preprint arXiv:1807.00374},
  year={2018}
}